@book{Grey09,
    author    = "Paul R. Gray and Paul J. Hurst and Stephen H. Lewis and Robert G. Meyer",
    title     = "Analysis and Design of Analog Integrated Circuits",
    publisher = "Wiley",
    edition   = "5",
    year      = "2009",
}

@book{Sedra15,
    author    = "Sedra, A. and Smith, K.",
    title     = "Microelectronic Circuits",
    publisher = "Oxford University Press",
    edition   = "7",
    year      = "2015",
}

@book{Razavi17,
    author    = "Behzad Razavi",
    title     = "Design of Analog CMOS Integrated Circuits",
    publisher = "McGraw-Hill Education",
    edition   = "2",
    year      = "2017",
}

@misc{Brum22,
    author    = "Nuno Brum",
    title     = "PyLTSpice - {LTSpice} Automation Tools with {Python}",
    howpublished = "\url{https://pyltspice.readthedocs.io/en/latest/}",
    year     = "2022",
}

@INPROCEEDINGS{Strommer12,
  author={Strommer, Esko and Jurvansuu, Marko and Tuikka, Tuomo and Ylisaukko-oja, Arto and Rapakko, Harri and Vesterinen, Jarmo},
  booktitle={2012 4th International Workshop on Near Field Communication}, 
  title={{NFC}-Enabled Wireless Charging}, 
  year={2012},
  volume={},
  number={},
  pages={36-41},
  doi={10.1109/NFC.2012.17}}

@ARTICLE{Wu15,
  author={Wu, Jiande and Zhao, Chongwen and Lin, Zhengyu and Du, Jin and Hu, Yihua and He, Xiangning},
  journal={IEEE Transactions on Industrial Electronics}, 
  title={Wireless Power and Data Transfer via a Common Inductive Link Using Frequency Division Multiplexing}, 
  year={2015},
  volume={62},
  number={12},
  pages={7810-7820},
  doi={10.1109/TIE.2015.2453934}}

@misc{STM_NFC,
  author = "STMicroelectronics N.V.",
  title = {{NFC} for wireless charging},
  howpublished = {\url{https://www.st.com/content/st_com/en/support/learning/essentials-and-insights/connectivity/nfc/nfc-for-wireless-charging.html}},
  note = {Accessed: 2022-07-17}
}

@misc{NXP_NFC,
  author = "NXP Semiconductors N.V.",
  title = {{NFC} Wireless Charging},
  howpublished = {\url{https://www.nxp.com/products/rfid-nfc/nfc-hf/nfc-charging:NFC-CHARGING}},
  note = {Accessed: 2022-07-17}
}

@misc{Panthronics_NFC,
  author = "Panthronics AG",
  title = {{PTX100W}},
  howpublished = {\url{https://www.panthronics.com/ptx100w/}},
  note = {Accessed: 2022-07-17}
}

@misc{Lapis_NFC,
  author = "LAPIS Technology Co., Ltd.",
  title = {13.56 {MHz} ({NFC}) Wireless Charging Makes It Possible},
  howpublished = {\url{https://www.lapis-tech.com/en/semicon/wpt/landing/ml7630_31.html}},
  note = {Accessed: 2022-07-17}
}

@misc{NuCurrent_NFC,
  author = "NuCurrent Inc.",
  title = {{NFC} Wireless Charging Explained},
  howpublished = {\url{https://www.nucurrent.com/nfc-wireless-charging-explained/}},
  note = {Accessed: 2022-07-17}
}

@inproceedings{Nath17,
author = {Nath, Sourav and Laskar, Naushad and Chanda, Saurav and Baishnab, Krishna},
year = {2017},
month = {03},
pages = {},
title = {A High Gain, Low Power Two Stage OpAmp using Self Cascoding technique for Low Frequency Application},
doi = {10.1109/DEVIC.2017.8073949}
}

@misc{WLC2-0,
  author = "NFC Forum",
  title = {{NFC Forum} Releases {Wireless} {Charging} {Specification} 2.0},
  howpublished = {\url{https://www.shorturl.at/EFK16}},
  note = {Accessed: 2022-07-17}
}

@misc{sic-history,
  author = "Silicon Craft Technology PLC.",
  title = {บริษัท},
  howpublished = {\url{https://www.sic.co.th/th/company/}},
  note = {Accessed: 2022-07-17}
}

@misc{sic-detail,
  author = "Silicon Craft Technology PLC.",
  title = {หนังสือชี้ชวนเสนอขายหลักทรัพย์},
  howpublished = {\url{https://investor.sic.co.th/th/downloads/filling}},
  note = {Accessed: 2022-07-17}
}




